@article{Far48,
  ids       = {Fár48},
  author    = {Fáry, István},
  title     = {On straight line representation of planar graphs},
  journal   = {Acta Scientiarum Mathematicarum (Szeged)},
  year      = {1948},
  volume    = {11},
  number    = {4},
  pages     = {229--233},
  langid    = {english}
}

@book{BCSS98,
  author    = {Blum, Lenore and Cucker, Felipe and Shub, Michael and Smale, Steve},
  title     = {Complexity and Real Computation},
  publisher = {Springer},
  address   = {New York},
  year      = {1998},
  isbn      = {0-387-98281-7},
  doi       = {10.1007/978-1-4612-0701-6},
  langid    = {english}
}

@article{BC06,
  author    = {Bürgisser, Peter and Cucker, Felipe},
  title     = {Counting complexity classes for numeric computations. II. Algebraic and semialgebraic sets},
  journal   = {Journal of Complexity},
  year      = {2006},
  volume    = {22},
  number    = {2},
  pages     = {147--191},
  doi       = {10.1016/j.jco.2005.11.001},
  langid    = {english}
}

@book{RW00,
  editor    = {Steven Rudich and Avi Wigderson},
  title     = {Computational Complexity Theory},
  series    = {IAS/Park City Mathematics Series},
  volume    = {10},
  publisher = {Institute for Advanced Study / American Mathematical Society},
  year      = {2000},
}

@book{Rys63,
  author    = {H. J. Ryser},
  title     = {Combinatorial Mathematics},
  series    = {Carus Mathematical Monographs},
  number    = {14},
  publisher = {Mathematical Association of America},
  year      = {1963},
}

@article{SA90,
  author    = {Hanif D. Sherali and Warren P. Adams},
  title     = {A hierarchy of relaxations between the continuous and convex hull representations for zero-one programming problems},
  journal   = {SIAM Journal on Discrete Mathematics},
  volume    = {3},
  number    = {3},
  pages     = {411--430},
  year      = {1990},
}

@article{San09,
  author    = {R. Santhanam},
  title     = {Circuit lower bounds for Merlin--Arthur classes},
  journal   = {SIAM Journal on Computing},
  volume    = {39},
  number    = {3},
  pages     = {1038--1061},
  year      = {2009},
}

@book{Sar90,
  author    = {Peter Sarnak},
  title     = {Some Applications of Modular Forms},
  volume    = {99},
  publisher = {Cambridge University Press},
  year      = {1990},
}

@article{Sau72,
  author    = {N. Sauer},
  title     = {On the density of families of sets},
  journal   = {Journal of Combinatorial Theory, Series A},
  volume    = {13},
  number    = {1},
  pages     = {145--147},
  year      = {1972},
}

@article{Sav70,
  author    = {Walter J. Savitch},
  title     = {Relationships between nondeterministic and deterministic tape complexities},
  journal   = {Journal of Computer and System Sciences},
  volume    = {4},
  number    = {2},
  pages     = {177--192},
  year      = {1970},
}

@inproceedings{Sch78,
  author    = {Thomas J. Schaefer},
  title     = {The Complexity of Satisfiability Problems},
  booktitle = {Proceedings of the 10th Annual ACM Symposium on Theory of Computing (STOC)},
  pages     = {216--226},
  year      = {1978},
  publisher = {ACM},
}

@article{Sch80,
  author    = {Jacob T. Schwartz},
  title     = {Fast probabilistic algorithms for verification of polynomial identities},
  journal   = {Journal of the ACM},
  volume    = {27},
  number    = {4},
  pages     = {701--717},
  year      = {1980},
}

@article{Sch90,
  author    = {Robert E. Schapire},
  title     = {The strength of weak learnability},
  journal   = {Machine Learning},
  volume    = {5},
  number    = {2},
  pages     = {197--227},
  year      = {1990},
}

@inproceedings{Sch92,
  author    = {Leonard J. Schulman},
  title     = {Communication on noisy channels: A coding theorem for computation},
  booktitle = {Proceedings of the 33rd IEEE Symposium on Foundations of Computer Science (FOCS)},
  pages     = {724--733},
  year      = {1992},
  publisher = {IEEE},
}

@inproceedings{Sch93,
  author    = {Leonard J. Schulman},
  title     = {Deterministic coding for interactive communication},
  booktitle = {Proceedings of the 25th Annual ACM Symposium on Theory of Computing (STOC)},
  pages     = {747--756},
  year      = {1993},
  publisher = {ACM},
}

@article{Sch96,
  author    = {Leonard J. Schulman},
  title     = {Coding for interactive communication},
  journal   = {IEEE Transactions on Information Theory},
  volume    = {42},
  number    = {6},
  pages     = {1745--1756},
  year      = {1996},
}

@book{Sch03,
  author    = {Alexander Schrijver},
  title     = {Combinatorial Optimization: Polyhedra and Efficiency},
  publisher = {Springer},
  address   = {Berlin},
  year      = {2003},
}

@inproceedings{Sch08,
  author    = {Grant Schoenebeck},
  title     = {Linear level Lasserre lower bounds for certain k-CSPs},
  booktitle = {Proceedings of the 49th IEEE Symposium on Foundations of Computer Science (FOCS)},
  pages     = {593--602},
  year      = {2008},
  publisher = {IEEE},
}

@article{See04,
  author    = {Nadrian C. Seeman},
  title     = {Nanotechnology and the double helix},
  journal   = {Scientific American},
  volume    = {290},
  number    = {6},
  pages     = {64--75},
  year      = {2004},
}

@article{Seg07,
  author    = {Nate Segerlind},
  title     = {The complexity of propositional proofs},
  journal   = {Bulletin of Symbolic Logic},
  volume    = {13},
  number    = {4},
  pages     = {417--481},
  year      = {2007},
}

@incollection{Sel65,
  author    = {Atle Selberg},
  title     = {On the estimation of Fourier coefficients of modular forms},
  booktitle = {Proceedings of Symposia in Pure Mathematics},
  volume    = {8},
  pages     = {1--15},
  year      = {1965},
}

@book{Ser03,
  author    = {\'Akos Seress},
  title     = {Permutation Group Algorithms},
  volume    = {152},
  publisher = {Cambridge University Press},
  year      = {2003},
}

@book{SF12,
  author    = {Robert E. Schapire and Yoav Freund},
  title     = {Boosting: Foundations and Algorithms},
  publisher = {MIT Press},
  year      = {2012},
}

@article{Sha48,
  author    = {Claude E. Shannon},
  title     = {A mathematical theory of communication},
  journal   = {Bell System Technical Journal},
  volume    = {27},
  number    = {3},
  pages     = {379--423},
  year      = {1948},
}

@article{Sha49a,
  author    = {Claude E. Shannon},
  title     = {Communication theory of secrecy systems},
  journal   = {Bell System Technical Journal},
  volume    = {28},
  number    = {4},
  pages     = {656--715},
  year      = {1949},
}

@article{Sha49b,
  author    = {Claude E. Shannon},
  title     = {The synthesis of two-terminal switching circuits},
  journal   = {Bell System Technical Journal},
  volume    = {28},
  number    = {1},
  pages     = {59--98},
  year      = {1949},
}

@article{Sha79a,
  author    = {Adi Shamir},
  title     = {Factoring numbers in $O(\log n)$ arithmetic steps},
  journal   = {Information Processing Letters},
  volume    = {8},
  number    = {1},
  pages     = {28--31},
  year      = {1979},
}

@article{Sha79b,
  author    = {Adi Shamir},
  title     = {How to share a secret},
  journal   = {Communications of the ACM},
  volume    = {22},
  number    = {11},
  pages     = {612--613},
  year      = {1979},
}

@article{Sha83,
  author    = {Adi Shamir},
  title     = {On the generation of cryptographically strong pseudorandom sequences},
  journal   = {ACM Transactions on Computer Systems},
  volume    = {1},
  number    = {1},
  pages     = {38--44},
  year      = {1983},
}

@article{Sha92,
  author    = {Adi Shamir},
  title     = {IP = PSPACE},
  journal   = {Journal of the ACM},
  volume    = {39},
  pages     = {869--877},
  year      = {1992},
}

@article{Sha99,
  author    = {Yehuda Shalom},
  title     = {Bounded generation and Kazhdan’s property (T)},
  journal   = {Publications Mathématiques de l’IHÉS},
  volume    = {90},
  pages     = {145--168},
  year      = {1999},
}

@incollection{Sha04,
  author    = {Ronitt Shaltiel},
  title     = {Recent developments in explicit constructions of extractors},
  booktitle = {Current Trends in Theoretical Computer Science: The Challenge of the New Century},
  volume    = {1},
  pages     = {229--264},
  year      = {2004},
}

@article{She72,
  author    = {Saharon Shelah},
  title     = {A combinatorial problem; stability and order for models and theories in infinitary languages},
  journal   = {Pacific Journal of Mathematics},
  volume    = {41},
  number    = {1},
  pages     = {247--261},
  year      = {1972},
}

@inproceedings{She14,
  author    = {Alexander A. Sherstov},
  title     = {Communication complexity theory: Thirty-five years of set disjointness},
  booktitle = {Mathematical Foundations of Computer Science (MFCS)},
  pages     = {24--43},
  year      = {2014},
  publisher = {Springer},
}

@article{Sho88,
  author    = {Naum Z. Shor},
  title     = {An approach to obtaining global extremums in polynomial mathematical programming problems},
  journal   = {Cybernetics},
  volume    = {23},
  number    = {5},
  pages     = {695--700},
  year      = {1988},
}

@inproceedings{Sho94,
  author    = {Peter W. Shor},
  title     = {Algorithms for quantum computation: discrete logarithms and factoring},
  booktitle = {Proceedings of the 35th IEEE Symposium on Foundations of Computer Science (FOCS)},
  pages     = {124--134},
  year      = {1994},
  publisher = {IEEE},
}

@article{Sho95,
  author    = {Peter W. Shor},
  title     = {Scheme for reducing decoherence in quantum computer memory},
  journal   = {Physical Review A},
  volume    = {52},
  number    = {4},
  pages     = {R2493},
  year      = {1995},
}

@book{Sim57,
  author    = {Herbert A. Simon},
  title     = {Models of Man: Social and Rational},
  publisher = {Wiley},
  year      = {1957},
}

@incollection{Sim70,
  author    = {Charles C. Sims},
  title     = {Computational methods in the study of permutation groups},
  booktitle = {Computational Problems in Abstract Algebra},
  pages     = {169--183},
  year      = {1970},
}

@article{Sim97,
  author    = {Daniel R. Simon},
  title     = {On the power of quantum computation},
  journal   = {SIAM Journal on Computing},
  volume    = {26},
  number    = {5},
  pages     = {1474--1483},
  year      = {1997},
}

@incollection{Sim10,
  author    = {Damien Simon},
  title     = {Selected applications of LLL in number theory},
  booktitle = {The LLL Algorithm},
  pages     = {265--282},
  publisher = {Springer},
  year      = {2010},
}

@book{Sin11,
  author    = {Simon Singh},
  title     = {The Code Book: The Science of Secrecy from Ancient Egypt to Quantum Cryptography},
  publisher = {Anchor},
  year      = {2011},
}

@article{Sip88,
  author    = {Michael Sipser},
  title     = {Expanders, randomness, or time versus space},
  journal   = {Journal of Computer and System Sciences},
  volume    = {36},
  number    = {3},
  pages     = {379--383},
  year      = {1988},
}

@inproceedings{Sip92,
  author    = {Michael Sipser},
  title     = {The history and status of the P versus NP question},
  booktitle = {Proceedings of the 24th ACM Symposium on Theory of Computing (STOC)},
  pages     = {603--618},
  year      = {1992},
  publisher = {ACM},
}

@book{Sip97,
  author    = {Michael Sipser},
  title     = {Introduction to the Theory of Computation},
  publisher = {PWS Publishing},
  address   = {Boston, MA},
  year      = {1997},
}

@article{SJ89,
  author    = {Alistair Sinclair and Mark Jerrum},
  title     = {Approximate counting, uniform generation and rapidly mixing Markov chains},
  journal   = {Information and Computation},
  volume    = {82},
  number    = {1},
  pages     = {93--133},
  year      = {1989},
}

@misc{SK14,
  author    = {Shubhangi Saraf and Mrinal Kumar},
  title     = {On the power of homogeneous depth 4 arithmetic circuits},
  howpublished = {\url{http://www.math.rutgers.edu/~ss1984/}},
  year      = {2014},
}

@inproceedings{Sly10,
  author    = {Allan Sly},
  title     = {Computational transition at the uniqueness threshold},
  booktitle = {Proceedings of the 51st IEEE Symposium on Foundations of Computer Science (FOCS)},
  pages     = {287--296},
  year      = {2010},
  publisher = {IEEE},
}

@article{Spe28,
  author    = {Emanuel Sperner},
  title     = {Neuer Beweis f{\"u}r die Invarianz der Dimensionszahl und des Gebietes},
  journal   = {Abhandlungen aus dem Mathematischen Seminar der Universit{\"a}t Hamburg},
  volume    = {6},
  pages     = {265--272},
  year      = {1928},
}

@inproceedings{Spi71,
  author    = {Philip M. Spira},
  title     = {On time-hardware complexity tradeoffs for Boolean functions},
  booktitle = {Proceedings of the 4th Hawaii Symposium on System Sciences},
  pages     = {525--527},
  year      = {1971},
}

@inproceedings{Spi95,
  author    = {Daniel A. Spielman},
  title     = {Linear-time encodable and decodable error-correcting codes},
  booktitle = {Proceedings of the 27th ACM Symposium on Theory of Computing (STOC)},
  pages     = {388--397},
  year      = {1995},
  publisher = {ACM},
}

@article{SS71,
  author    = {A. Sch{\"o}nhage and V. Strassen},
  title     = {Schnelle Multiplikation grosser Zahlen},
  journal   = {Computing},
  volume    = {7},
  pages     = {281--292},
  year      = {1971},
}

@article{SS77,
  author    = {Robert M. Solovay and Volker Strassen},
  title     = {A fast Monte-Carlo test for primality},
  journal   = {SIAM Journal on Computing},
  volume    = {6},
  number    = {1},
  pages     = {84--85},
  year      = {1977},
}

@article{SS79,
  author    = {Eli Shamir and Michael Snir},
  title     = {On the depth complexity of formulas},
  journal   = {Mathematical Systems Theory},
  volume    = {13},
  number    = {1},
  pages     = {301--322},
  year      = {1979},
}

@article{SS96,
  author    = {Michael Sipser and Daniel A. Spielman},
  title     = {Expander codes},
  journal   = {IEEE Transactions on Information Theory},
  volume    = {42},
  number    = {6},
  pages     = {1710--1722},
  year      = {1996},
}

@article{SS12,
  author    = {Daniel A. Spielman and Nikhil Srivastava},
  title     = {An elementary proof of the restricted invertibility theorem},
  journal   = {Israel Journal of Mathematics},
  volume    = {190},
  number    = {1},
  pages     = {83--91},
  year      = {2012},
}

@article{ST85,
  author    = {Daniel D. Sleator and Robert E. Tarjan},
  title     = {Amortized efficiency of list update and paging rules},
  journal   = {Communications of the ACM},
  volume    = {28},
  number    = {2},
  pages     = {202--208},
  year      = {1985},
}

@inproceedings{ST04a,
  author    = {Daniel A. Spielman and Shang-Hua Teng},
  title     = {Nearly-linear time algorithms for graph partitioning, graph sparsification, and solving linear systems},
  booktitle = {Proceedings of the 36th ACM Symposium on Theory of Computing (STOC)},
  pages     = {81--90},
  year      = {2004},
  publisher = {ACM},
}

@article{ST04b,
  author    = {Daniel A. Spielman and Shang-Hua Teng},
  title     = {Smoothed analysis of algorithms: Why the simplex algorithm usually takes polynomial time},
  journal   = {Journal of the ACM},
  volume    = {51},
  number    = {3},
  pages     = {385--463},
  year      = {2004},
}

@article{ST11,
  author    = {Daniel A. Spielman and Shang-Hua Teng},
  title     = {Spectral sparsification of graphs},
  journal   = {SIAM Journal on Computing},
  volume    = {40},
  number    = {4},
  pages     = {981--1025},
  year      = {2011},
}

@article{Ste74,
  author    = {G{\"u}nter Stengle},
  title     = {A Nullstellensatz and a Positivstellensatz in semialgebraic geometry},
  journal   = {Mathematische Annalen},
  volume    = {207},
  number    = {2},
  pages     = {87--97},
  year      = {1974},
}

@article{STJ83,
  author    = {Endre Szemer{\'e}di and William T. Trotter Jr.},
  title     = {Extremal problems in discrete geometry},
  journal   = {Combinatorica},
  volume    = {3},
  number    = {3-4},
  pages     = {381--392},
  year      = {1983},
}

@article{Sto73,
  author    = {Larry J. Stockmeyer},
  title     = {Planar 3-colorability is polynomial complete},
  journal   = {SIGACT News},
  volume    = {5},
  number    = {3},
  pages     = {19--25},
  year      = {1973},
}

@article{Sto76,
  author    = {Larry J. Stockmeyer},
  title     = {The polynomial-time hierarchy},
  journal   = {Theoretical Computer Science},
  volume    = {3},
  number    = {1},
  pages     = {1--22},
  year      = {1976},
}

@phdthesis{Sto10,
  author    = {Josh Stothers},
  title     = {On the Complexity of Matrix Multiplication},
  school    = {University of Edinburgh},
  year      = {2010},
  url       = {http://www.maths.ed.ac.uk/pg/thesis/stothers.pdf},
}

@article{Str69,
  author    = {Volker Strassen},
  title     = {Gaussian elimination is not optimal},
  journal   = {Numerische Mathematik},
  volume    = {13},
  number    = {4},
  pages     = {354--356},
  year      = {1969},
}

@article{Str73a,
  author    = {Volker Strassen},
  title     = {Die Berechnungskomplexit{\"a}t von elementarsymmetrischen Funktionen und von Interpolationskoeffizienten},
  journal   = {Numerische Mathematik},
  volume    = {20},
  number    = {3},
  pages     = {238--251},
  year      = {1973},
}

@article{Str73b,
  author    = {Volker Strassen},
  title     = {Vermeidung von Divisionen},
  journal   = {Journal f{\"u}r die reine und angewandte Mathematik},
  volume    = {264},
  pages     = {184--202},
  year      = {1973},
}

@inproceedings{Str86,
  author    = {Volker Strassen},
  title     = {The work of Leslie G. Valiant},
  booktitle = {International Congress of Mathematicians},
  pages     = {16},
  year      = {1986},
}

@article{Str87,
  author    = {Volker Strassen},
  title     = {Relative bilinear complexity and matrix multiplication},
  journal   = {Journal f{\"u}r die reine und angewandte Mathematik},
  volume    = {375},
  pages     = {406--443},
  year      = {1987},
}

@book{Stu08,
  author    = {Bernd Sturmfels},
  title     = {Algorithms in Invariant Theory},
  publisher = {Springer},
  year      = {2008},
}

@inproceedings{STV99,
  author    = {Madhu Sudan and Luca Trevisan and Salil Vadhan},
  title     = {Pseudorandom generators without the xor lemma},
  booktitle = {Proceedings of the 31st ACM Symposium on Theory of Computing (STOC)},
  pages     = {537--546},
  year      = {1999},
  publisher = {ACM},
}

@article{Sub61,
  author    = {B. A. Subbotovskaya},
  title     = {Realizations of linear functions by formulas using $+$, $\cdot$, $-$},
  journal   = {Doklady Akademii Nauk SSSR},
  volume    = {136},
  number    = {3},
  pages     = {553--555},
  year      = {1961},
}

@book{Sud96,
  author    = {Madhu Sudan},
  title     = {Efficient Checking of Polynomials and Proofs and the Hardness of Approximation Problems},
  publisher = {Springer},
  series    = {Lecture Notes in Computer Science},
  year      = {1996},
}

@article{Sud97,
  author    = {Madhu Sudan},
  title     = {Decoding of Reed--Solomon codes beyond the error-correction bound},
  journal   = {Journal of Complexity},
  volume    = {13},
  number    = {1},
  pages     = {180--193},
  year      = {1997},
}

@inproceedings{Sud00,
  author    = {Madhu Sudan},
  title     = {List decoding: Algorithms and applications},
  booktitle = {Theoretical Computer Science: Exploring New Frontiers of Theoretical Informatics},
  pages     = {25--41},
  year      = {2000},
}

@article{SV86,
  author    = {Mikl{\'o}s Santha and Umesh Vazirani},
  title     = {Generating quasi-random sequences from semi-random sources},
  journal   = {Journal of Computer and System Sciences},
  volume    = {33},
  number    = {1},
  pages     = {75--87},
  year      = {1986},
}

@article{SVdB01,
  author    = {Aidan Schofield and Michel Van den Bergh},
  title     = {Semi-invariants of quivers for arbitrary dimension vectors},
  journal   = {Indagationes Mathematicae},
  volume    = {12},
  number    = {1},
  pages     = {125--138},
  year      = {2001},
}

@article{SW73,
  author    = {David Slepian and Jack Wolf},
  title     = {Noiseless coding of correlated information sources},
  journal   = {IEEE Transactions on Information Theory},
  volume    = {19},
  number    = {4},
  pages     = {471--480},
  year      = {1973},
}

@article{SW01,
  author    = {Amir Shpilka and Avi Wigderson},
  title     = {Depth-3 arithmetic circuits over fields of characteristic zero},
  journal   = {Computational Complexity},
  volume    = {10},
  number    = {1},
  pages     = {1--27},
  year      = {2001},
}

@inproceedings{SW14,
  author    = {Amit Sahai and Brent Waters},
  title     = {How to use indistinguishability obfuscation: deniable encryption, and more},
  booktitle = {Proceedings of the 46th ACM Symposium on Theory of Computing (STOC)},
  pages     = {475--484},
  year      = {2014},
  publisher = {ACM},
}

@techreport{Swa86,
  author    = {E. R. Swart},
  title     = {P = NP},
  institution = {Department of Computer and Information Science, University of Guelph},
  number    = {CIS86-02},
  year      = {1986},
}

@article{SY10,
  author    = {Amir Shpilka and Amir Yehudayoff},
  title     = {Arithmetic circuits: A survey of recent results and open questions},
  journal   = {Foundations and Trends in Theoretical Computer Science},
  volume    = {5},
  number    = {3--4},
  pages     = {207--388},
  year      = {2010},
}

@article{SZ99,
  author    = {Michael Saks and Shiyu Zhou},
  title     = {BPHSPACE$(S)$ $\subseteq$ DSPACE$(S^{3/2})$},
  journal   = {Journal of Computer and System Sciences},
  volume    = {58},
  number    = {2},
  pages     = {376--403},
  year      = {1999},
}

@article{SZ00,
  author    = {Michael Saks and Fotios Zaharoglou},
  title     = {Wait-free $k$-set agreement is impossible: The topology of public knowledge},
  journal   = {SIAM Journal on Computing},
  volume    = {29},
  number    = {5},
  pages     = {1449--1483},
  year      = {2000},
}

@article{Sze88,
  author    = {R{\'o}bert Szelepcs{\'e}nyi},
  title     = {The method of forced enumeration for nondeterministic automata},
  journal   = {Acta Informatica},
  volume    = {26},
  number    = {3},
  pages     = {279--284},
  year      = {1988},
}

@misc{Sze12,
  author    = {Bal{\'a}zs Szegedy},
  title     = {On higher order Fourier analysis},
  eprint    = {1203.2260},
  archivePrefix = {arXiv},
  year      = {2012},
}

@inproceedings{Tal14,
  author    = {Avishay Tal},
  title     = {Shrinkage of de Morgan formulae by spectral techniques},
  booktitle = {Proceedings of the 55th IEEE Symposium on Foundations of Computer Science (FOCS)},
  pages     = {551--560},
  year      = {2014},
  publisher = {IEEE},
}

@article{Tan84,
  author    = {R. Michael Tanner},
  title     = {Explicit concentrators from generalized N-gons},
  journal   = {SIAM Journal on Algebraic and Discrete Methods},
  volume    = {5},
  number    = {3},
  pages     = {287--293},
  year      = {1984},
}

@inproceedings{Tao06,
  author    = {Terence Tao},
  title     = {The dichotomy between structure and randomness, arithmetic progressions, and the primes},
  booktitle = {Proceedings of the International Congress of Mathematicians (ICM)},
  pages     = {581--608},
  year      = {2006},
}

@book{Tao08,
  author    = {Terence Tao},
  title     = {Structure and Randomness: Pages from Year One of a Mathematical Blog},
  publisher = {American Mathematical Society},
  address   = {Providence, RI},
  year      = {2008},
}

@misc{Tao09,
  author    = {Terence Tao},
  title     = {Recent progress on the Kakeya conjecture},
  year      = {2009},
  url       = {http://terrytao.wordpress.com/2009/05/11/},
}

@book{Tar51,
  author    = {Alfred Tarski},
  title     = {A Decision Method for Elementary Algebra and Geometry},
  publisher = {University of California Press},
  year      = {1951},
}

@article{Tar87,
  author    = {Eva Tardos},
  title     = {The gap between monotone and non-monotone circuit complexity is exponential},
  journal   = {Combinatorica},
  volume    = {7},
  number    = {4},
  pages     = {141--142},
  year      = {1987},
}

@inproceedings{Tav13,
  author    = {S{\'e}bastien Tavenas},
  title     = {Improved bounds for reduction to depth 4 and depth 3},
  booktitle = {Mathematical Foundations of Computer Science (MFCS)},
  pages     = {813--824},
  publisher = {Springer},
  year      = {2013},
}

@article{Tel18,
  author    = {Ran Raz and others},
  title     = {Proving that prBPP = prP is as hard as ``almost'' proving that $P \neq NP$},
  journal   = {Electronic Colloquium on Computational Complexity (ECCC)},
  volume    = {25},
  number    = {3},
  year      = {2018},
}

@article{Tho87Kelvin,
  author    = {William Thomson},
  title     = {On the division of space with minimum partitional area},
  journal   = {Acta Mathematica},
  volume    = {11},
  number    = {1--4},
  pages     = {121--134},
  year      = {1887},
}

@inproceedings{Tho79,
  author    = {Carleton D. Thompson},
  title     = {Area-time complexity for VLSI},
  booktitle = {Proceedings of the 11th Annual ACM Symposium on Theory of Computing (STOC)},
  pages     = {81--88},
  year      = {1979},
  publisher = {ACM},
}

@phdthesis{Tho80,
  author    = {Carleton D. Thompson},
  title     = {A Complexity Theory for VLSI},
  school    = {Carnegie-Mellon University},
  year      = {1980},
}

@article{Tho87Thomason,
  author    = {Andrew Thomason},
  title     = {Pseudo-random graphs},
  journal   = {North-Holland Mathematics Studies},
  volume    = {144},
  pages     = {307--331},
  year      = {1987},
}

@inproceedings{TKRR13,
  author    = {Yael Tauman Kalai and Ran Raz and Ron D. Rothblum},
  title     = {Delegation for bounded space},
  booktitle = {Proceedings of the 44th ACM Symposium on Theory of Computing (STOC)},
  pages     = {565--574},
  year      = {2013},
  publisher = {ACM},
}

@article{Tod91,
  author    = {Seinosuke Toda},
  title     = {PP is as hard as the polynomial-time hierarchy},
  journal   = {SIAM Journal on Computing},
  volume    = {20},
  number    = {5},
  pages     = {865--877},
  year      = {1991},
}

@book{TPC15,
  author    = {A. Tiwari and H. K. Patra and J. Choi},
  title     = {Advanced Theranostic Materials},
  publisher = {John Wiley \& Sons},
  year      = {2015},
}

@article{Tra84,
  author    = {B. A. Trakhtenbrot},
  title     = {A survey of Russian approaches to perebor (brute-force searches) algorithms},
  journal   = {Annals of the History of Computing},
  volume    = {6},
  number    = {4},
  pages     = {384--400},
  year      = {1984},
}

@inproceedings{Tre99,
  author    = {Luca Trevisan},
  title     = {Construction of extractors using pseudo-random generators},
  booktitle = {Proceedings of the 31st ACM Symposium on Theory of Computing (STOC)},
  pages     = {141--148},
  year      = {1999},
  publisher = {ACM},
}

@article{Tsi93,
  author    = {Boris Tsirelson},
  title     = {Quantum Bell-type inequalities},
  journal   = {Hadronic Journal Supplement},
  volume    = {8},
  pages     = {329--345},
  year      = {1993},
}

@article{TSZ04,
  author    = {Amnon Ta-Shma and David Zuckerman},
  title     = {Extractor codes},
  journal   = {IEEE Transactions on Information Theory},
  volume    = {50},
  number    = {12},
  pages     = {3015--3025},
  year      = {2004},
}

@article{TT94,
  author    = {Prasoon Tiwari and Martin Tompa},
  title     = {A direct version of Shamir and Snir’s lower bounds on monotone circuit depth},
  journal   = {Information Processing Letters},
  volume    = {49},
  number    = {5},
  pages     = {243--248},
  year      = {1994},
}

@inproceedings{TTV09,
  author    = {Luca Trevisan and Madhur Tulsiani and Salil Vadhan},
  title     = {Regularity, boosting, and efficiently simulating every high-entropy distribution},
  booktitle = {Proceedings of the 24th IEEE Conference on Computational Complexity (CCC)},
  pages     = {126--136},
  year      = {2009},
  publisher = {IEEE},
}

@article{Tur36,
  author    = {Alan M. Turing},
  title     = {On computable numbers, with an application to the Entscheidungsproblem},
  journal   = {Journal of Mathematics},
  volume    = {58},
  pages     = {5},
  year      = {1936},
}

@article{Tur50,
  author    = {Alan M. Turing},
  title     = {Computing machinery and intelligence},
  journal   = {Mind},
  volume    = {59},
  number    = {236},
  pages     = {433--460},
  year      = {1950},
}

@article{Tur52,
  author    = {Alan M. Turing},
  title     = {The chemical basis of morphogenesis},
  journal   = {Philosophical Transactions of the Royal Society of London. Series B, Biological Sciences},
  volume    = {237},
  number    = {641},
  pages     = {37--72},
  year      = {1952},
}

@inproceedings{TV00,
  author    = {Luca Trevisan and Salil Vadhan},
  title     = {Extracting randomness from samplable distributions},
  booktitle = {Proceedings of the 41st IEEE Symposium on Foundations of Computer Science (FOCS)},
  pages     = {32},
  year      = {2000},
  publisher = {IEEE},
}

@inproceedings{TV02,
  author    = {Luca Trevisan and Salil Vadhan},
  title     = {Pseudorandomness and average-case complexity via uniform reductions},
  booktitle = {Proceedings of the 17th IEEE Conference on Computational Complexity},
  pages     = {129--138},
  year      = {2002},
  publisher = {IEEE},
}

@article{TZ08,
  author    = {Terence Tao and Tamar Ziegler},
  title     = {The primes contain arbitrarily long polynomial progressions},
  journal   = {Acta Mathematica},
  volume    = {201},
  number    = {2},
  pages     = {213--305},
  year      = {2008},
}

@article{Vad04,
  author    = {Salil P. Vadhan},
  title     = {Constructing locally computable extractors and cryptosystems in the bounded-storage model},
  journal   = {Journal of Cryptology},
  volume    = {17},
  number    = {1},
  pages     = {43--77},
  year      = {2004},
}

@misc{Vad09,
  author    = {Salil Vadhan},
  title     = {Cryptographic applications of randomness extractors},
  year      = {2009},
  url       = {http://people.seas.harvard.edu/~salil/research/extractors-clouds09.ppt},
}

@article{Vad11,
  author    = {Salil P. Vadhan},
  title     = {Pseudorandomness},
  journal   = {Foundations and Trends in Theoretical Computer Science},
  volume    = {7},
  number    = {1--3},
  pages     = {1--336},
  year      = {2011},
}

@incollection{Vad17,
  author    = {Salil Vadhan},
  title     = {The complexity of differential privacy},
  booktitle = {Tutorials on the Foundations of Cryptography},
  pages     = {347--450},
  publisher = {Springer},
  year      = {2017},
  url       = {http://privacytools.seas.harvard.edu/publications/complexity-differential-privacy},
}

@inproceedings{Val79a,
  author    = {Leslie G. Valiant},
  title     = {Completeness classes in algebra},
  booktitle = {Proceedings of the 11th Annual ACM Symposium on Theory of Computing (STOC)},
  pages     = {249--261},
  year      = {1979},
  publisher = {ACM},
}

@article{Val79b,
  author    = {Leslie G. Valiant},
  title     = {The complexity of computing the permanent},
  journal   = {Theoretical Computer Science},
  volume    = {8},
  number    = {2},
  pages     = {189--201},
  year      = {1979},
}

@article{Val79c,
  author    = {Leslie G. Valiant},
  title     = {The complexity of enumeration and reliability problems},
  journal   = {SIAM Journal on Computing},
  volume    = {8},
  number    = {3},
  pages     = {410--421},
  year      = {1979},
}

@article{Val80,
  author    = {Leslie G. Valiant},
  title     = {Negation can be exponentially powerful},
  journal   = {Theoretical Computer Science},
  volume    = {12},
  number    = {3},
  pages     = {303--314},
  year      = {1980},
}

@article{Val84a,
  author    = {Leslie G. Valiant},
  title     = {Short monotone formulae for the majority function},
  journal   = {Journal of Algorithms},
  volume    = {5},
  number    = {3},
  pages     = {363--366},
  year      = {1984},
}

@article{Val84b,
  author    = {Leslie G. Valiant},
  title     = {A theory of the learnable},
  journal   = {Communications of the ACM},
  volume    = {27},
  number    = {11},
  pages     = {1134--1142},
  year      = {1984},
}

@book{Val00,
  author    = {Leslie G. Valiant},
  title     = {Circuits of the Mind},
  publisher = {Oxford University Press},
  year      = {2000},
}

@article{Val06,
  author    = {Leslie G. Valiant},
  title     = {A quantitative theory of neural computation},
  journal   = {Biological Cybernetics},
  volume    = {95},
  number    = {3},
  pages     = {205--211},
  year      = {2006},
}

@article{Val09,
  author    = {Leslie G. Valiant},
  title     = {Evolvability},
  journal   = {Journal of the ACM},
  volume    = {56},
  number    = {1},
  pages     = {3},
  year      = {2009},
}

@article{Val12,
  author    = {Leslie G. Valiant},
  title     = {The hippocampus as a stable memory allocator for cortex},
  journal   = {Neural Computation},
  volume    = {24},
  number    = {11},
  pages     = {2873--2899},
  year      = {2012},
}

@book{Val13,
  author    = {Leslie G. Valiant},
  title     = {Probably Approximately Correct: Nature’s Algorithms for Learning and Prospering in a Complex World},
  publisher = {Basic Books},
  year      = {2013},
}

@article{Val14,
  author    = {Leslie G. Valiant},
  title     = {What must a global theory of cortex explain?},
  journal   = {Current Opinion in Neurobiology},
  volume    = {25},
  pages     = {15--19},
  year      = {2014},
}

@book{Vap98,
  author    = {Vladimir Vapnik},
  title     = {Statistical Learning Theory},
  volume    = {1},
  publisher = {Wiley},
  year      = {1998},
}

@book{Vap13,
  author    = {Vladimir Vapnik},
  title     = {The Nature of Statistical Learning Theory},
  publisher = {Springer},
  year      = {2013},
}

@article{Var57,
  author    = {R. R. Varshamov},
  title     = {Estimate of the number of signals in error correcting codes},
  journal   = {Doklady Akademii Nauk SSSR},
  volume    = {117},
  pages     = {739--741},
  year      = {1957},
  note      = {English translation in I. F. Blake, \emph{Algebraic Coding Theory: History and Development}, Dowden, Hutchinson and Ross, 1973, pp. 68--71},
}

@article{Vav09,
  author    = {Stephen A. Vavasis},
  title     = {On the complexity of nonnegative matrix factorization},
  journal   = {SIAM Journal on Optimization},
  volume    = {20},
  number    = {3},
  pages     = {1364--1377},
  year      = {2009},
}

@book{VC74,
  author    = {V. N. Vapnik and A. Y. Chervonenkis},
  title     = {Theory of Pattern Recognition},
  publisher = {Nauka},
  year      = {1974},
}

@incollection{VC15,
  author    = {V. N. Vapnik and A. Y. Chervonenkis},
  title     = {On the uniform convergence of relative frequencies of events to their probabilities},
  booktitle = {Measures of Complexity},
  pages     = {11--30},
  publisher = {Springer},
  year      = {2015},
}

@incollection{Vem05,
  author    = {Santosh Vempala},
  title     = {Geometric random walks: a survey},
  booktitle = {Combinatorial and Computational Geometry},
  volume    = {52},
  pages     = {573--612},
  year      = {2005},
}

@article{Vin04,
  author    = {N. V. Vinodchandran},
  title     = {AM\^{}exp $\subseteq$ (NP $\cap$ coNP)/poly},
  journal   = {Information Processing Letters},
  volume    = {89},
  pages     = {43--47},
  year      = {2004},
}

@article{Vio15,
  author    = {Emanuele Viola},
  title     = {The communication complexity of addition},
  journal   = {Combinatorica},
  volume    = {35},
  number    = {6},
  pages     = {703--747},
  year      = {2015},
}

@article{vN28,
  author    = {John von Neumann},
  title     = {Zur Theorie der Gesellschaftsspiele},
  journal   = {Mathematische Annalen},
  volume    = {100},
  number    = {1},
  pages     = {295--320},
  year      = {1928},
}

@misc{vN51,
  author    = {John von Neumann},
  title     = {Various techniques used in connection with random digits},
  journal   = {Applied Math Series},
  volume    = {12},
  number    = {36--38},
  pages     = {1},
  year      = {1951},
}

@book{VN58,
  author    = {John von Neumann},
  title     = {The Computer and the Brain},
  publisher = {Yale University Press},
  year      = {1958},
  note      = {Reprinted in 2012 with a foreword by Ray Kurzweil},
}

@book{VNB66,
  author    = {John von Neumann and Arthur W. Burks},
  title     = {Theory of Self-Reproducing Automata},
  publisher = {University of Illinois Press},
  year      = {1966},
}

@article{VSBR83,
  author    = {Leslie G. Valiant and Sven Skyum and Stephen Berkowitz and Charles Rackoff},
  title     = {Fast parallel computation of polynomials using few processors},
  journal   = {SIAM Journal on Computing},
  volume    = {12},
  number    = {4},
  pages     = {641--644},
  year      = {1983},
}

@inproceedings{VV85,
  author    = {Umesh Vazirani and Vijay Vazirani},
  title     = {Random polynomial time is equal to slightly-random polynomial time},
  booktitle = {Proceedings of the 26th IEEE Symposium on Foundations of Computer Science (FOCS)},
  pages     = {417--428},
  year      = {1985},
  publisher = {IEEE},
}

@article{VW18,
  author    = {Emanuele Viola and Avi Wigderson},
  title     = {Local expanders},
  journal   = {Computational Complexity},
  volume    = {27},
  number    = {2},
  pages     = {225--244},
  year      = {2018},
}

@book{vzGG13,
  author    = {Joachim von zur Gathen and J{\"u}rgen Gerhard},
  title     = {Modern Computer Algebra},
  publisher = {Cambridge University Press},
  year      = {2013},
}

@article{Wei49,
  author    = {Andr{\'e} Weil},
  title     = {Numbers of solutions of equations in finite fields},
  journal   = {Bulletin of the American Mathematical Society},
  volume    = {55},
  number    = {5},
  pages     = {497--508},
  year      = {1949},
}

@inproceedings{Wei06,
  author    = {Dror Weitz},
  title     = {Counting independent sets up to the tree threshold},
  booktitle = {Proceedings of the 38th ACM Symposium on Theory of Computing (STOC)},
  pages     = {140--149},
  year      = {2006},
  publisher = {ACM},
}

@phdthesis{Wer74,
  author    = {Paul J. Werbos},
  title     = {Beyond regression: New tools for prediction and analysis in the behavioral sciences},
  school    = {Harvard University},
  year      = {1974},
}

@book{Wer94,
  author    = {Paul J. Werbos},
  title     = {The Roots of Backpropagation: From Ordered Derivatives to Neural Networks and Political Forecasting},
  volume    = {1},
  publisher = {John Wiley \& Sons},
  year      = {1994},
}

@article{Whi92,
  author    = {Steven R. White},
  title     = {Density matrix formulation for quantum renormalization groups},
  journal   = {Physical Review Letters},
  volume    = {69},
  number    = {19},
  pages     = {2863},
  year      = {1992},
}

@article{Wig60,
  author    = {Eugene P. Wigner},
  title     = {The unreasonable effectiveness of mathematics in the natural sciences},
  journal   = {Communications on Pure and Applied Mathematics},
  volume    = {13},
  number    = {1},
  pages     = {1--14},
  year      = {1960},
}

@incollection{Wig93,
  author    = {Avi Wigderson},
  title     = {The fusion method for lower bounds in circuit complexity},
  booktitle = {Combinatorics, Paul Erd{\H{o}}s is Eighty},
  volume    = {1},
  pages     = {453--468},
  year      = {1993},
}

@inproceedings{Wig06,
  author    = {Avi Wigderson},
  title     = {P, NP and mathematics—a computational complexity perspective},
  booktitle = {Proceedings of the International Congress of Mathematicians},
  year      = {2006},
}

@inproceedings{Wig09,
  author    = {Avi Wigderson},
  title     = {Randomness extractors—applications and constructions},
  booktitle = {LIPIcs -- Leibniz International Proceedings in Informatics},
  volume    = {4},
  year      = {2009},
}

@misc{Wig10a,
  author    = {Avi Wigderson},
  title     = {Expander graphs—applications and combinatorial constructions},
  year      = {2010},
  note      = {A 3-hour tutorial, Pseudorandomness in Mathematical Structures Workshop},
  url       = {http://www.math.ias.edu/~avi/TALKS/Expander_tutorial_2010.ppt},
}

@incollection{Wig10b,
  author    = {Avi Wigderson},
  title     = {The G{\"o}del phenomena in mathematics: A modern view},
  booktitle = {Kurt G{\"o}del and the Foundations of Mathematics: Horizons of Truth},
  year      = {2010},
}

@book{Wil75,
  author    = {Maurice V. Wilkes},
  title     = {Time Sharing Computer Systems},
  publisher = {Elsevier},
  year      = {1975},
}

@article{Wil14,
  author    = {Ryan Williams},
  title     = {Nonuniform ACC circuit lower bounds},
  journal   = {Journal of the ACM},
  volume    = {61},
  number    = {1},
  pages     = {2},
  year      = {2014},
}

@inproceedings{Wil15,
  author    = {Virginia Vassilevska Williams},
  title     = {Hardness of easy problems: Basing hardness on popular conjectures such as the strong exponential time hypothesis},
  booktitle = {Proceedings of the International Symposium on Parameterized and Exact Computation (IPEC)},
  pages     = {16--28},
  year      = {2015},
}

@inproceedings{Wil18,
  author    = {Virginia Vassilevska Williams},
  title     = {On some fine-grained questions in algorithms and complexity},
  booktitle = {Proceedings of the International Congress of Mathematicians (ICM)},
  year      = {2018},
}

@incollection{Win06,
  author    = {Erik Winfree},
  title     = {Self-healing tile sets},
  booktitle = {Nanotechnology: Science and Computation},
  pages     = {55--78},
  year      = {2006},
}

@incollection{Wol99,
  author    = {Thomas Wolff},
  title     = {Recent work connected with the Kakeya problem},
  booktitle = {Prospects in Mathematics},
  volume    = {2},
  pages     = {129--162},
  year      = {1999},
}

@article{Yan91,
  author    = {Mihalis Yannakakis},
  title     = {Expressing combinatorial optimization problems by linear programs},
  journal   = {Journal of Computer and System Sciences},
  volume    = {43},
  number    = {3},
  pages     = {441--466},
  year      = {1991},
}

@inproceedings{Yao77,
  author    = {Andrew C. Yao},
  title     = {Probabilistic computations: Toward a unified measure of complexity},
  booktitle = {Proceedings of the 18th IEEE Symposium on Foundations of Computer Science (FOCS)},
  pages     = {222--227},
  year      = {1977},
  publisher = {IEEE},
}

@inproceedings{Yao79,
  author    = {Andrew C. Yao},
  title     = {Some complexity questions related to distributive computing (preliminary report)},
  booktitle = {Proceedings of the 11th ACM Symposium on Theory of Computing (STOC)},
  pages     = {209--213},
  year      = {1979},
  publisher = {ACM},
}

@inproceedings{Yao82a,
  author    = {Andrew C. Yao},
  title     = {Protocols for secure computations},
  booktitle = {Proceedings of the 23rd IEEE Symposium on Foundations of Computer Science (FOCS)},
  pages     = {160--164},
  year      = {1982},
  publisher = {IEEE},
}

@inproceedings{Yao82b,
  author    = {Andrew C. Yao},
  title     = {Theory and application of trapdoor functions},
  booktitle = {Proceedings of the 23rd IEEE Symposium on Foundations of Computer Science (FOCS)},
  pages     = {80--91},
  year      = {1982},
  publisher = {IEEE},
}

@inproceedings{Yao86,
  author    = {Andrew C. Yao},
  title     = {How to generate and exchange secrets},
  booktitle = {Proceedings of the 27th IEEE Symposium on Foundations of Computer Science (FOCS)},
  pages     = {162--167},
  year      = {1986},
  publisher = {IEEE},
}

@inproceedings{Yao93,
  author    = {Andrew C. Yao},
  title     = {Quantum circuit complexity},
  booktitle = {Proceedings of the 34th IEEE Symposium on Foundations of Computer Science (FOCS)},
  pages     = {352--361},
  year      = {1993},
  publisher = {IEEE},
}

@article{Yeh11,
  author    = {Amir Yehudayoff},
  title     = {Affine extractors over prime fields},
  journal   = {Combinatorica},
  volume    = {31},
  number    = {2},
  pages     = {245},
  year      = {2011},
}

@article{Yek12,
  author    = {Sergei Yekhanin},
  title     = {Locally decodable codes},
  journal   = {Foundations and Trends in Theoretical Computer Science},
  volume    = {6},
  number    = {3},
  pages     = {139--255},
  year      = {2012},
}

@inproceedings{Zhu17,
  author    = {Dmitriy Zhuk},
  title     = {A proof of {CSP} dichotomy conjecture},
  booktitle = {Proceedings of the 58th IEEE Symposium on Foundations of Computer Science (FOCS)},
  pages     = {331--342},
  year      = {2017},
  publisher = {IEEE},
}

@incollection{Zip79,
  author    = {Richard E. Zippel},
  title     = {Probabilistic algorithms for sparse polynomials},
  booktitle = {Symbolic and Algebraic Computation (EUROSCAM '79)},
  series    = {Lecture Notes in Computer Science},
  volume    = {72},
  pages     = {216--226},
  year      = {1979},
}

@article{ZL78,
  author    = {Jacob Ziv and Abraham Lempel},
  title     = {Compression of individual sequences via variable-rate coding},
  journal   = {IEEE Transactions on Information Theory},
  volume    = {24},
  number    = {5},
  pages     = {530--536},
  year      = {1978},
}

@inproceedings{Zuc90,
  author    = {David Zuckerman},
  title     = {General weak random sources},
  booktitle = {Proceedings of the 31st IEEE Symposium on Foundations of Computer Science (FOCS)},
  pages     = {534--543},
  year      = {1990},
  publisher = {IEEE},
}

@phdthesis{Zuc91,
  author    = {David Zuckerman},
  title     = {Computing Efficiently Using General Weak Random Sources},
  school    = {University of California, Berkeley},
  year      = {1991},
}

@article{Zuc97,
  author    = {David Zuckerman},
  title     = {Randomness-optimal oblivious sampling},
  journal   = {Random Structures and Algorithms},
  volume    = {11},
  number    = {4},
  pages     = {345--367},
  year      = {1997},
}

@inproceedings{Zuc06,
  author    = {David Zuckerman},
  title     = {Linear degree extractors and the inapproximability of max clique and chromatic number},
  booktitle = {Proceedings of the 38th ACM Symposium on Theory of Computing (STOC)},
  pages     = {681--690},
  year      = {2006},
  publisher = {ACM},
}

